%%% ====================================================================
%%%  BibTeX-file{
%%%     filename        = "icmmcm.bib",
%%%     version         = "1.0",
%%%     date            = "2018/02/10",
%%%     author          = "Yu-Meng Huang, Xiang Li, Man Chen",
%%%     address         = "Colledge of Economics and Management,
%%%                        Colledge of Computer Science and Technology
%%%                        Nanjing University of Aeronautics and Astronautics,
%%%                        29 Jiangjun Avenue,
%%%                        Nanjing, Jiangsu  , 211106
%%%                        People's Republic of China",
%%%     copyright       = "Public Domain.",
%%%     supported       = "no",
%%%     keywords        = "bibtex, bibliography, amslatex, ams-latex",
%%%     abstract        = "A file of BibTeX entries for use with the
%%%                        ICM/MCM Contest document.",
%%%  }
%%% ====================================================================


@article{TAKEOYAMADA1996A,
  title={A network flow approach to a city emergency evacuation planning},
  author={TAKEO YAMADA},
  journal={International Journal of Systems Science},
  volume={27},
  number={10},
  pages={931-936},
  year={1996},
}
@article{edmonds1972theoretical,
  title={Theoretical improvements in algorithmic efficiency for network flow problems},
  author={Edmonds, Jack and Karp, Richard M},
  journal={Journal of the ACM (JACM)},
  volume={19},
  number={2},
  pages={248--264},
  year={1972},
  publisher={ACM}
}
@inproceedings{Wang2008Modeling,
  title={Modeling and Optimization of Crowd Guidance for Building Emergency Evacuation},
  author={Wang, Peng and Luh, Peter B. and Chang, Shi Chuang and Sun, Jin},
  booktitle={IEEE International Conference on Automation Science \& Engineering},
  year={2008},
}
@article{Chalmet1982Network,
  title={Network models for building evacuation},
  author={Chalmet, L. G. and Francis, R. L. and Saunders, P. B.},
  journal={Fire Technology},
  volume={28},
  number={1},
  pages={86-105},
  year={1982},
}
@Misc{louvre.fr,
howpublished = {\url{https://www.louvre.fr/en/plan}},
note = {Accessed Jan 26, 2019},
title = {Carte du Louvre},
author = { Louvre}
}
@article{lim2012capacitated,
  title={A capacitated network flow optimization approach for short notice evacuation planning},
  author={Lim, Gino J and Zangeneh, Shabnam and Baharnemati, M Reza and Assavapokee, Tiravat},
  journal={European Journal of Operational Research},
  volume={223},
  number={1},
  pages={234--245},
  year={2012},
  publisher={Elsevier}
}
@article{zhang2005personal,
  title={Personal decision behavior before emergency evacuation},
  author={Zhang, Pei-Hong and Chen, Bao-Zhi and Lo, Siu-Ming},
  journal={Dongbei Daxue Xuebao/Journal of Northeastern University},
  volume={26},
  number={2},
  pages={179--182},
  year={2005},
  publisher={東北大學}
}
