%# -*- coding: utf-8-unix -*-

@inproceedings{Bui2006An,
  title={An ant-based algorithm for finding degree-constrained minimum spanning tree},
  author={Bui, Thang N. and Zrncic, Catherine M.},
  booktitle={Genetic and Evolutionary Computation Conference, GECCO 2006, Proceedings, Seattle, Washington, Usa, July},
  pages={11-18},
  year={2006},
}
@article{Wang2003A,
  title={A Heuristic Genetic Search Algorithm for Solving the Degree-Constrained Minimum Spanning Tree Problem},
  author={Wang, Licheng and Sun, Linping},
  journal={Systems Engineering-theory and Practice},
  volume={23},
  number={5},
  pages={103-107},
  year={2003},
}