%# -*- coding: utf-8-unix -*-

@inproceedings{Cherkassky1997Buckets,
  title={Buckets, heaps, lists, and monotone priority queues},
  author={Cherkassky, Boris V. and Goldberg, Andrew V. and Silverstein, Craig},
  pages={83-92},
  year={1997},
}

@article{Thorup1996On,
  title={On RAM priority queues},
  author={Thorup, Mikkel},
  journal={Siam Journal on Computing},
  volume={30},
  number={1},
  pages={86-109},
  year={1996},
}

@inproceedings{Cherkassky1994Shortest,
  title={Shortest paths algorithms: Theory and experimental evaluation},
  author={Cherkassky, Boris V. and Goldberg, Andrew V. and Radzik, Tomasz},
  pages={516-525},
  year={1994},
}