%# -*- coding: utf-8-unix -*-

@article{Orlin2010A,
  title={A faster algorithm for the single source shortest path problem with few distinct positive lengths},
  author={Orlin, James B. and Madduri, Kamesh and Subramani, K. and Williamson, M.},
  journal={Journal of Discrete Algorithms},
  volume={8},
  number={2},
  pages={189-198},
  year={2010},
}

@article{Ahuja1990Faster,
  title={Faster algorithms for the shortest path problem},
  author={Ahuja, Ravindra K. and Mehlhorn, Kurt and Orlin, James and Tarjan, Robert E.},
  journal={Journal of the Acm},
  volume={37},
  number={2},
  pages={213-223},
  year={1990},
}

@inproceedings{Cherkassky1997Buckets,
  title={Buckets, heaps, lists, and monotone priority queues},
  author={Cherkassky, Boris V. and Goldberg, Andrew V. and Silverstein, Craig},
  pages={83-92},
  year={1997},
}

@article{Thorup1996On,
  title={On RAM priority queues},
  author={Thorup, Mikkel},
  journal={Siam Journal on Computing},
  volume={30},
  number={1},
  pages={86-109},
  year={1996},
}

@inproceedings{Cherkassky1994Shortest,
  title={Shortest paths algorithms: Theory and experimental evaluation},
  author={Cherkassky, Boris V. and Goldberg, Andrew V. and Radzik, Tomasz},
  pages={516-525},
  year={1994},
}