%# -*- coding: utf-8-unix -*-

@article{Nakatsu1982A,
  title={A Longest Common Subsequence Algorithm Suitable for Similar Text Strings.},
  author={Nakatsu, Narao and Kambayashi, Yahiko and Yajima, Shuzo},
  journal={Acta Informatica},
  volume={18},
  number={2},
  pages={171-179},
  year={1982},
}
@book{Kuo1989An,
  title={An improved algorithm to find the length of the longest common subsequence of two strings},
  author={Kuo, S. and Cross, G. R.},
  publisher={ACM},
  year={1989},
}