%%% ====================================================================
%%%  BibTeX-file{
%%%     filename        = "icmmcm.bib",
%%%     version         = "1.0",
%%%     date            = "2018/02/10",
%%%     author          = "Yu-Meng Huang, Xiang Li, Man Chen",
%%%     address         = "Colledge of Economics and Management,
%%%                        Colledge of Computer Science and Technology
%%%                        Nanjing University of Aeronautics and Astronautics,
%%%                        29 Jiangjun Avenue,
%%%                        Nanjing, Jiangsu  , 211106
%%%                        People's Republic of China",
%%%     copyright       = "Public Domain.",
%%%     supported       = "no",
%%%     keywords        = "bibtex, bibliography, amslatex, ams-latex",
%%%     abstract        = "A file of BibTeX entries for use with the
%%%                        ICM/MCM Contest document.",
%%%  }
%%% ====================================================================

@string{knuth = "Knuth, Donald E."}

@article{alexander2006global,
  title={Global observed changes in daily climate extremes of temperature and precipitation},
  author={Alexander, LV and Zhang, X and Peterson, TC and Caesar, J and Gleason, B and Klein Tank, AMG and Haylock, M and Collins, D and Trewin, B and Rahimzadeh, F and others},
  journal={Journal of Geophysical Research: Atmospheres},
  volume={111},
  number={D5},
  year={2006},
  publisher={Wiley Online Library}
}
@article{Gleditsch2014Whither,
  title={Whither the weather? Climate change and conflict},
  author={Gleditsch, Nils Petter},
  journal={Journal of Peace Research},
  volume={49},
  number={1},
  pages={3-9},
  year={2014},
}
@article{Theisen2013Is,
  title={Is climate change a driver of armed conflict?},
  author={Theisen, Ole Magnus and Gleditsch, Nils Petter and Buhaug, Halvard},
  journal={Climatic Change},
  volume={117},
  number={3},
  pages={613-625},
  year={2013},
}
@article{Anderson2001Heat,
  title={Heat and violence.},
  author={Anderson, Craig A},
  journal={Current Directions in Psychological Science},
  volume={10},
  number={1},
  pages={33-38},
  year={2001},
}
@article{saaty2008decision,
  title={Decision making with the analytic hierarchy process},
  author={Saaty, Thomas L},
  journal={International journal of services sciences},
  volume={1},
  number={1},
  pages={83--98},
  year={2008},
  publisher={Inderscience Publishers}
}
@article{Krakowka2012Modeling,
  title={Modeling Environmental Security in Sub-Saharan Africa},
  author={Krakowka, Amy Richmond and Heimel, Natalie and Galgano, Francis A},
  journal={Geographical Bulletin},
  volume={53},
  number={1},
  pages={21-38},
  year={2012},
}
@article{Schwartz2003An,
  title={An Abrupt Climate Change Scenario and its Implications for United States National Security},
  author={Schwartz, Peter and Randall, Doug},
  volume={2},
  number={1},
  year={2003},
}
@book{houser2015economic,
  title={Economic risks of climate change: an American prospectus},
  author={Houser, Trevor and Hsiang, Solomon and Kopp, Robert and Larsen, Kate},
  year={2015},
  publisher={Columbia University Press}
}
@article{polsky2007building,
  title={Building comparable global change vulnerability assessments: The vulnerability scoping diagram},
  author={Polsky, Colin and Neff, Rob and Yarnal, Brent},
  journal={Global Environmental Change},
  volume={17},
  number={3-4},
  pages={472--485},
  year={2007},
  publisher={Elsevier}
}
@misc{Hay2012Security,
  title={Security apparatus},
  author={Hay, Andrew Charles David and Pearson, Siani Lynne},
  publisher={US},
  year={2012},
}
@article{Huang2017Rapid,
  title={Rapid Economic Decline and Risk Treatment of Commercial Bank Based on Loan Loss Provision——Empirical Evidence from Chinese Listed and Non-listed Commercial Banks},
  author={Huang, You Wei and Wang, Yong and Wang, Ji Na},
  journal={Taxation \& Economy},
  year={2017},
}
@article{Ocampo2006Uneven,
  title={Uneven economic development},
  author={Ocampo, José Antonio and Vos, Rob},
  journal={Cma Magazine},
  year={2006},
}
@article{Rossi2008Coupling,
  title={Coupling indicators of ecological value and ecological sensitivity with indicators of demographic pressure in the demarcation of new areas to be protected: The case of the Oltrepò Pavese and the Ligurian-Emilian Apennine area (Italy)},
  author={Rossi, Pierfrancesca and Pecci, Angelo and Amadio, Vittorio and Rossi, Orazio and Soliani, Lamberto},
  journal={Landscape \& Urban Planning},
  volume={85},
  number={1},
  pages={12-26},
  year={2008},
}
@article{Kamungi2005Land,
  title={Land Access and the Return and Resettlement of IDPs and Refugees in Burundi},
  author={Kamungi, Prisca Mbura and Summit, Johnstone and And, Oketch and Huggins, Chris},
  year={2005},
}